<?xml version="1.0" encoding="utf-8"?>
<record xmlns="http://www.loc.gov/MARC21/slim" xmlns:xsi="http://www.w3.org/2001/XMLSchema-instance" xsi:schemaLocation="http://www.loc.gov/MARC21/slim http://www.loc.gov/standards/marcxml/schema/MARC21slim.xsd">
	<leader>     nam a22        4500</leader>
	<controlfield tag="001">2683162</controlfield>
	<controlfield tag="003">NNC</controlfield>
	<controlfield tag="006">m        d        </controlfield>
	<controlfield tag="007">cr cn |||m|||a</controlfield>
	<controlfield tag="008">160408m18871889ua      o     000 0 arard</controlfield>
	<datafield ind1=" " ind2=" " tag="040">
		<subfield code="a">NNU</subfield>
		<subfield code="b">eng</subfield>
		<subfield code="e">rda</subfield>
		<subfield code="c">NNU</subfield>
	</datafield>
	<datafield ind1=" " ind2=" " tag="043">
		<subfield code="a">f-ua---</subfield>
	</datafield>
	<datafield ind1=" " ind2=" " tag="090">
		<subfield code="a">DT54</subfield>
		<subfield code="b">.A45 1887</subfield>
	</datafield>
	<datafield ind1="0" ind2=" " tag="100">
		<subfield code="6">880-01</subfield>
		<subfield code="a">ʻAlī Mubārak,</subfield>
		<subfield code="c">Bāshā,</subfield>
		<subfield code="d">1823 or 1824-1893.</subfield>
	</datafield>
	<datafield ind1="1" ind2="3" tag="245">
		<subfield code="6">880-02</subfield>
		<subfield code="a">al-Khiṭaṭ al-tawfīqīyah al-jadīdah li-Miṣr, al-Qāhirah wa-mudunihā wa-bilādihā al-qadīmah wa-al-shahīrah /</subfield>
		<subfield code="c">taʼlīf ʻAlī Bāshā Mubārak.</subfield>
	</datafield>
	<datafield ind1=" " ind2=" " tag="260">
		<subfield code="6">880-03</subfield>
		<subfield code="a">Būlāq :</subfield>
		<subfield code="b">al-Maṭbaʻah al-Kubrá al-Amīrīyah,</subfield>
		<subfield code="c">1305-1306 [1887-89]</subfield>
	</datafield>
	<datafield ind1=" " ind2=" " tag="300">
		<subfield code="a">online resource (20 volumes in 5)</subfield>
	</datafield>
	<datafield ind1=" " ind2=" " tag="336">
		<subfield code="a">text</subfield>
		<subfield code="2">rdacontent</subfield>
	</datafield>
	<datafield ind1=" " ind2=" " tag="337">
		<subfield code="a">computer</subfield>
		<subfield code="2">rdamedia</subfield>
	</datafield>
	<datafield ind1=" " ind2=" " tag="338">
		<subfield code="a">online resource</subfield>
		<subfield code="2">rdacarrier</subfield>
	</datafield>
	<datafield ind1=" " ind2=" " tag="500">
		<subfield code="a">Part of the Arabic Collections Online (ACO) project, contributed by Columbia University Libraries.</subfield>
	</datafield>
	<datafield ind1=" " ind2=" " tag="533">
		<subfield code="a">Electronic reproduction.</subfield>
		<subfield code="b">New York, N.Y. :</subfield>
		<subfield code="c">New York University,</subfield>
		<subfield code="d">2016.</subfield>
		<subfield code="5">NNU</subfield>
	</datafield>
	<datafield ind1=" " ind2="0" tag="651">
		<subfield code="a">Cairo (Egypt)</subfield>
		<subfield code="x">Description and travel.</subfield>
	</datafield>
	<datafield ind1=" " ind2="0" tag="651">
		<subfield code="a">Egypt</subfield>
		<subfield code="x">Description and travel.</subfield>
	</datafield>
	<datafield ind1=" " ind2="7" tag="650">
		<subfield code="a">Travel.</subfield>
		<subfield code="2">fast</subfield>
		<subfield code="0">(OCoLC)fst01155558</subfield>
	</datafield>
	<datafield ind1=" " ind2="7" tag="651">
		<subfield code="a">Egypt.</subfield>
		<subfield code="2">fast</subfield>
		<subfield code="0">(OCoLC)fst01208755</subfield>
	</datafield>
	<datafield ind1=" " ind2="7" tag="651">
		<subfield code="a">Egypt</subfield>
		<subfield code="z">Cairo.</subfield>
		<subfield code="2">fast</subfield>
		<subfield code="0">(OCoLC)fst01205204</subfield>
	</datafield>
	<datafield ind1="2" ind2=" " tag="710">
		<subfield code="a">Columbia University.</subfield>
		<subfield code="b">Libraries.</subfield>
	</datafield>
	<datafield ind1="0" ind2=" " tag="730">
		<subfield code="a">Arabic Collections Online.</subfield>
	</datafield>
	<datafield ind1="0" ind2="8" tag="776">
		<subfield code="i">Online version:</subfield>
		<subfield code="a">ʻAlī Mubārak, Bāshā, 1823 or 1824-1893.</subfield>
		<subfield code="t">Khiṭaṭ al-tawfīqīyah al-jadīdah li-Miṣr, al-Qāhirah wa-mudunihā wa-bilādihā al-qadīmah wa-al-shahīrah.</subfield>
		<subfield code="d">Būlāq : al-Maṭbaʻah al-Kubrá al-Amīrīyah, 1305-1306 [1887-89]</subfield>
		<subfield code="w">(OCoLC)905793270</subfield>
	</datafield>
	<datafield ind1="0" ind2="8" tag="776">
		<subfield code="i">Print version:</subfield>
		<subfield code="a">ʻAlī Mubārak, Bāshā, 1823 or 1824-1893.</subfield>
		<subfield code="t">al-Khiṭaṭ al-tawfīqīyah al-jadīdah li-Miṣr, al-Qāhirah wa-mudunihā wa-bilādihā al-qadīmah wa-al-shahīrah</subfield>
		<subfield code="w">(NNC)2683162</subfield>
		<subfield code="w">(OCoLC)45073077</subfield>
	</datafield>
	<datafield ind1="4" ind2="0" tag="856">
		<subfield code="u">http://hdl.handle.net/2333.1/7sqv9wnz</subfield>
	</datafield>
	<datafield ind1="0" ind2=" " tag="880">
		<subfield code="6">100-01/r</subfield>
		<subfield code="a">علي مبارك،</subfield>
		<subfield code="c">باشا،,</subfield>
		<subfield code="d">1823 or 1824-1893.</subfield>
	</datafield>
	<datafield ind1="1" ind2="2" tag="880">
		<subfield code="6">245-02/r</subfield>
		<subfield code="a">الخطط التوفيقية الجديدة لمصر القاهرة ومدنها وبلادها القديمة والشهيرة /</subfield>
		<subfield code="c">تأليف علي باشا مبارك.</subfield>
	</datafield>
	<datafield ind1=" " ind2=" " tag="880">
		<subfield code="6">260-03/r</subfield>
		<subfield code="a">بولاق :</subfield>
		<subfield code="b">المطبعة الكبرى الاميرية،</subfield>
		<subfield code="c">1305-1306 [1887 or 89]</subfield>
	</datafield>
	<datafield ind1=" " ind2=" " tag="959">
		<subfield code="a">NNU</subfield>
		<subfield code="b">WEB</subfield>
		<subfield code="c">GENI</subfield>
		<subfield code="t">0</subfield>
		<subfield code="m">Electronic access</subfield>
		<subfield code="s">01</subfield>
	</datafield>
	<datafield ind1=" " ind2=" " tag="999">
		<subfield code="i">NNC_2683162</subfield>
		<subfield code="o">(OCoLC)ocm45073077 </subfield>
		<subfield code="s">columbia_aco001914:v.1-4</subfield>
		<subfield code="s">columbia_aco001915:v.5-8</subfield>
		<subfield code="s">columbia_aco001916:v.9-12</subfield>
		<subfield code="s">columbia_aco001917:v.13-16</subfield>
		<subfield code="s">columbia_aco001918:v.17-20</subfield>
	</datafield>
</record>
